@article{darwiche2003differential,
  title={A differential approach to inference in Bayesian networks},
  author={Darwiche, Adnan},
  journal={Journal of the ACM (JACM)},
  volume={50},
  number={3},
  pages={280--305},
  year={2003},
  publisher={ACM}
}

@inproceedings{gens2013learning,
  title={Learning the structure of sum-product networks},
  author={Gens, Robert and Pedro, Domingos},
  booktitle={International Conference on Machine Learning},
  pages={873--880},
  year={2013}
}

@inproceedings{peharz2015theoretical,
  title={On theoretical properties of sum-product networks},
  author={Peharz, Robert and Tschiatschek, Sebastian and Pernkopf, Franz and Domingos, Pedro},
  booktitle={Artificial Intelligence and Statistics},
  pages={744--752},
  year={2015}
}

@inproceedings{poon2011sum,
  title={Sum-product networks: A new deep architecture},
  author={Poon, Hoifung and Domingos, Pedro},
  booktitle={Computer Vision Workshops (ICCV Workshops), 2011 IEEE International Conference on},
  pages={689--690},
  year={2011},
  organization={IEEE}
}

@article{pronobis2017deep,
  title={Deep Spatial Affordance Hierarchy: spatial knowledge representation for planning
in large-scale envirionments},
  author={Pronobis, Andrzej and Riccio, Francesco and Rao, Rajesh PN},
  organization={ICAPS Workshop on Planning and Robotics},
  year={2017}
}

@article{pronobis2016learning,
  title={Learning Deep Generative Spatial Models for Mobile Robots},
  author={Pronobis, Andrzej and Rao, Rajesh PN},
  journal={arXiv preprint arXiv:1610.02627},
  year={2016}
}

@inproceedings{beeson2007integrating,
  title={Integrating Multiple Representations of Spatial Knowledge for Mapping, Navigation, and Communication.},
  author={Beeson, Patrick and MacMahon, Matt and Modayil, Joseph and Murarka, Aniket and Kuipers, Benjamin and Stankiewicz, Brian},
  booktitle={Interaction Challenges for Intelligent Assistants},
  pages={1--9},
  year={2007}
}

@article{zender2008conceptual,
  title={Conceptual spatial representations for indoor mobile robots},
  author={Zender, Hendrik and Mozos, O Mart{\'\i}nez and Jensfelt, Patric and Kruijff, G-JM and Burgard, Wolfram},
  journal={Robotics and Autonomous Systems},
  volume={56},
  number={6},
  pages={493--502},
  year={2008},
  publisher={Elsevier}
}

@inproceedings{pronobis2010representing,
  title={Representing spatial knowledge in mobile cognitive systems},
  author={Pronobis, Andrzej and Sj{\"o}{\"o}, Kristoffer and Aydemir, Alper and Bishop, Adrian N and Jensfelt, Patric},
  booktitle={11th International Conference on Intelligent Autonomous Systems (IAS-11), Ottawa, Canada},
  year={2010}
}

@inproceedings{eppstein1995subgraph,
  title={Subgraph isomorphism in planar graphs and related problems},
  author={Eppstein, David},
  booktitle={SODA},
  volume={95},
  pages={632--640},
  year={1995}
}

@article{pagliarini2017future,
  title={The future of Robotics Technology},
  author={Pagliarini, Luigi and Lund, Henrik Hautop},
  journal={JOURNAL OF ROBOTICS NETWORKING AND ARTIFICIAL LIFE},
  volume={3},
  number={4},
  pages={270--273},
  year={2017},
  publisher={ATLANTIS PRESS 29 AVENUE LAUMIERE, PARIS, 75019, FRANCE}
}

@inproceedings{jayawardena2010deployment,
  title={Deployment of a service robot to help older people},
  author={Jayawardena, Chandimal and Kuo, I Han and Unger, Ulrike and Igic, Aleksandar and Wong, Richie and Watson, Catherine I and Stafford, RQ and Broadbent, Elizabeth and Tiwari, Priyesh and Warren, Jim and others},
  booktitle={Intelligent Robots and Systems (IROS), 2010 IEEE/RSJ International Conference on},
  pages={5990--5995},
  year={2010},
  organization={IEEE}
}

@inproceedings{triebel2016spencer,
  title={Spencer: A socially aware service robot for passenger guidance and help in busy airports},
  author={Triebel, Rudolph and Arras, Kai and Alami, Rachid and Beyer, Lucas and Breuers, Stefan and Chatila, Raja and Chetouani, Mohamed and Cremers, Daniel and Evers, Vanessa and Fiore, Michelangelo and others},
  booktitle={Field and Service Robotics},
  pages={607--622},
  year={2016},
  organization={Springer}
}

@inproceedings{matsuda2016scalablebody,
  title={ScalableBody: A Telepresence Robot Supporting Socially Acceptable Interactions and Human Augmentation through Vertical Actuation},
  author={Matsuda, Akira and Rekimoto, Jun},
  booktitle={Proceedings of the 29th Annual Symposium on User Interface Software and Technology},
  pages={103--105},
  year={2016},
  organization={ACM}
}